@misc{testRPoster,
  author = {Petr Maj, Tomas Kalibera, Jan Vitek},
  title = {testR â€“ R language test driven specification},
  url = {http://petamaj.github.io/other/testr.pdf},
  urldate = {2017-05-13},
  note = {[Accessed: 2017-05-13]}
}

@inproceedings{vitek,
 author = {Morandat, Flor{\'e}al and Hill, Brandon and Osvald, Leo and Vitek, Jan},
 title = {Evaluating the Design of the R Language: Objects and Functions for Data Analysis},
 booktitle = {Proceedings of the 26th European Conference on Object-Oriented Programming},
 series = {ECOOP'12},
 year = {2012},
 isbn = {978-3-642-31056-0},
 location = {Beijing, China},
 pages = {104--131},
 numpages = {28},
 url = {http://dx.doi.org/10.1007/978-3-642-31057-7_6},
 doi = {10.1007/978-3-642-31057-7_6},
 acmid = {2367172},
 publisher = {Springer-Verlag},
 address = {Berlin, Heidelberg},
} 

@misc{renjin,
  author = {Alexander Bertram},
  title = {Deep Dive: Renjin's Vector Pipeliner},
  url = {http://www.renjin.org/blog/2013-07-30-deep-dive-vector-pipeliner.html},
  urldate = {2017-05-13},
  note = {[Accessed: 2017-05-13]},
}

@book{EcmaScript,
  added-at = {2012-10-14T23:50:22.000+0200},
  author = {{ECMA International}},
  biburl = {https://www.bibsonomy.org/bibtex/2a9b23a5e720836b2505b7aac7fdc4638/gron},
  edition = {5.1},
  interhash = {b179dfe8f7ed6ef5ad2a2c4705d88de6},
  intrahash = {a9b23a5e720836b2505b7aac7fdc4638},
  keywords = {ECMA JavaScript Specification Standard},
  month = {June},
  timestamp = {2012-10-14T23:50:23.000+0200},
  title = {Standard ECMA-262 - ECMAScript Language Specification},
  url = {http://www.ecma-international.org/publications/standards/Ecma-262.htm},
  year = 2011
}

@Manual{pryr,
title = {pryr: Tools for Computing on the Language},
author = {Hadley Wickham},
year = {2015},
note = {R package version 0.1.2},
url = {https://CRAN.R-project.org/package=pryr},
}

@Manual{codetools,
title = {codetools: Code Analysis Tools for R},
author = {Luke Tierney},
year = {2016},
note = {R package version 0.2-15},
url = {https://CRAN.R-project.org/package=codetools},
}

@book{advR,
  title={Advanced R},
  author={Wickham, H.},
  isbn={9781466586963},
  lccn={2012278240},
  series={Chapman \& Hall/CRC The R Series},
  url={http://adv-r.had.co.nz},
  year={2014},
  publisher={Taylor \& Francis}
}

@misc{specs,
  author = {{\relax R Core Team}},
  title = {R Language Definition Version 3.4.0 DRAFT},
  url = {https://cran.r-project.org/doc/manuals/r-release/R-lang.pdf},
  urldate = {2017-05-13},
  note = {[Accessed: 2017-05-13]},
}

@misc{soTrends,
  author = {David Robinson},
  title = {Introducing Stack Overflow Trends},
  url = {https://stackoverflow.blog/2017/05/09/introducing-stack-overflow-trends},
  urldate = {2017-05-13},
  note = {[Accessed: 2017-05-13]},
}


@misc{ieeeTop,
  author = {Stephen Cass},
  title = {The 2016 Top Programming Languages},
  url = {http://spectrum.ieee.org/computing/software/the-2016-top-programming-languages},
  urldate = {2017-05-13},
  note = {[Accessed: 2017-05-13]},
}

@misc{langS,
  title={A Brief History of S},
  author={Richard A. Becker},
  url = {http://www.lcg.unam.mx/~lcollado/R/resources/history_of_S.pdf},
  urldate = {2017-05-13},
  note = {[Accessed: 2017-05-13]},
}

@misc{usingR,
  title={Companies using R in 2014},
  author={David Smith},
  url = {http://blog.revolutionanalytics.com/2014/05/companies-using-r-in-2014.html},
  urldate = {2017-05-13},
  note = {[Accessed: 2017-05-13]},
}

@Article{testthat,
    author = {Hadley Wickham},
    title = {testthat: Get Started with Testing},
    journal = {The R Journal},
    year = {2011},
    volume = {3},
    pages = {5--10},
    url = {http://journal.r-project.org/archive/2011-1/RJournal_2011-1_Wickham.pdf},
  }

